@online{wp_economyOfNorthKorea,
	author = {Wikipedia},
	title = {Economy of North Korea},
	year = 2020,
	url = {https://en.wikipedia.org/wiki/Economy_of_North_Korea},
	urldate = {2020-03-24}
}

@online{theIndianExpress_explainedWhatIsTheSignificanceOfMtPeaktuForKinJongUn,
	author = {The Indian Express},
	title = {Explained: What is the significance of Mt Paektu for Kim Jong Un},
	year = 2019,
	url = {https://indianexpress.com/article/explained/what-is-the-significance-of-mt-paektu-for-kim-jong-un-6074334/},
	urldate = {2020-03-24}
}

@online{yp_anInconvenientBorderWhereChinaMeetsNorthKoreaABCNews,
	author = {ABC News},
	title = {An Inconvenient Border: Where China Meets North Korea | ABC News},
	year = 2017,
	url = {https://youtu.be/8wRLQ8MVi0Q?t=1909},
	urldate = {2020-03-24}
}


